%%%%%%%%%%%%%%%%%%%%%%%%%%%%%%%%%%%%%%%%%%%%%%%%%%%%%%%%%%%%%%%%%%%%%%\

@misc{GAN,
  doi = {10.48550/ARXIV.1406.2661},
  url = {https://arxiv.org/abs/1406.2661},
  author = {Goodfellow, Ian J. and Pouget-Abadie, Jean and Mirza, Mehdi and Xu, Bing and Warde-Farley, David and Ozair, Sherjil and Courville, Aaron and Bengio, Yoshua},
  keywords = {Machine Learning (stat.ML), Machine Learning (cs.LG), FOS: Computer and information sciences, FOS: Computer and information sciences},
  title = {Generative Adversarial Networks},
  publisher = {arXiv},
  year = {2014},
  copyright = {arXiv.org perpetual, non-exclusive license}
}

@misc{CycleGAN,
  doi = {10.48550/ARXIV.1703.10593},
  url = {https://arxiv.org/abs/1703.10593},
  author = {Zhu, Jun-Yan and Park, Taesung and Isola, Phillip and Efros, Alexei A.},
  keywords = {Computer Vision and Pattern Recognition (cs.CV), FOS: Computer and information sciences, FOS: Computer and information sciences},
  title = {Unpaired Image-to-Image Translation using Cycle-Consistent Adversarial Networks},
  publisher = {arXiv},
  year = {2017},
  copyright = {arXiv.org perpetual, non-exclusive license}
}

%%%%%%%%%%%%%%%%%%%%%%%%%%%%%%%%%%%%%%%%%%%%%%%%%%%%%%%%%%%%%%%%%%%%%%\

@misc{mosquera_2020, 
	title={Gans from scratch 1: A deep introduction. with code in pytorch and tensorflow}, 
	url={https://medium.com/ai-society/gans-from-scratch-1-a-deep-introduction-with-code-in-pytorch-and-tensorflow-cb03cdcdba0f}, 
	journal={Medium}, 
	publisher={AI Society}, 
	author={Mosquera, Diego Gomez}, 
	year={2020},
	month={May}
} 
 
@misc{kikaben_2022, 
	title={Gan (generative adversarial network): Simple implementation with pytorch},
	url={https://kikaben.com/gangenerative-adversarial-network-simple-implementation-with-pytorch/}, 
	journal={KiKaBeN}, 
	year={2022}, 
	month={Jun}
}

@misc{brownlee_2020_cyclegan,
	title={How to develop a cyclegan for image-to-image translation with keras}, 
	url={https://machinelearningmastery.com/cyclegan-tutorial-with-keras/}, 
	journal={MachineLearningMastery.com}, 
	author={Brownlee, Jason}, 
	year={2020}, 
	month={Sep}
}

@misc{brownlee_2020_conv, 
	title={How do convolutional layers work in Deep Learning Neural Networks?},
	url={https://machinelearningmastery.com/convolutional-layers-for-deep-learning-neural-networks/},
	journal={MachineLearningMastery.com}, 
	author={Brownlee, Jason}, 
	year={2020}, 
	month={Apr}
}

@misc{brownlee_2019_batch,
	title={A gentle introduction to batch normalization for Deep Neural Networks},
	url={https://machinelearningmastery.com/batch-normalization-for-training-of-deep-neural-networks/},
	journal={MachineLearningMastery.com},
	author={Brownlee, Jason},
	year={2019},
	month={Dec}
} 

@misc{brownlee_2019_norm, 
	title={A gentle introduction to batch normalization for Deep Neural Networks},
	url={https://machinelearningmastery.com/batch-normalization-for-training-of-deep-neural-networks/},
	journal={MachineLearningMastery.com},
	author={Brownlee, Jason},
	year={2019},
	month={Dec}
} 